@book{
	TM ,
	title = { Classical Dynamics of Particles and Systems } ,
	author = { Stephen Thornton and Jerry Marion } , 
	edition = { 5 } ,
	publisher = { Thompson } ,
	year = { 2004 }
}