@book{
	JJ ,
	title = { Invitation  to  Discrete  Mathematics } ,
	author = { Jiří  Matoušek  and  Jaroslav Nešetřil } ,
	edition = { 2 } ,
	publisher = { Oxford University Press }
}