@book{ textbook ,
	title = { Galois Theory } ,
	author = { Ian Stewart } ,
	edition = { 4 } ,
	publihser = { CRC Press } ,
	year = { 2015 }
}