@book{
	PMW ,
	title = { Mathematical Methods in Linguistics } ,
	author = { Barbara Partee and Alice ter Meulen and Robert Wall } ,
	publisher = { Kluwer } ,
	year = { 1993 }
}