@book{
	CompA ,
	author = { John L. Hennessy and David A. Patterson } ,
	title = { Computer Architecture: A Quantitative Approach } ,
	edition = { 6 } ,
	year = { 2017 } ,
	publisher = { Morgan Kaufman }
}

@book{
	BLP,
	author = { Neil Matthew and Richard Stones } ,
	title = { Beginning Linux Programming } ,
	year = { 2007 } ,
	edition = { 4 } ,
	publisher = { Wrox }
}